@article{CMSL1UpgradeTDR,
      author         = "Tapper, A. and Acosta, Darin",
      editor         = "Tapper, A.",
      title          = "CMS Technical Design Report for the Level-1 Trigger
                        Upgrade",
      collaboration  = "CMS collaboration",
      year           = "2013",
      reportNumber   = "CERN-LHCC-2013-011, CMS-TDR-12, CMS-TDR-012",
      SLACcitation   = "%%CITATION = CERN-LHCC-2013-011 ETC.;%%",
}