@article{ARTICLE:LHCMachine,
    Author = {Evans, Lyndon and Bryant, Philip},
    Date-Added = {2014-04-02 13:30:54 +0000},
    Date-Modified = {2014-04-02 13:31:15 +0000},
    Doi = {10.1088/1748-0221/3/08/S08001},
    Editor = {Evans, Lyndon},
    Journal = {JINST},
    Keywords = {LHC,Detector},
    Pages = {S08001},
    Slaccitation = {%%CITATION = JINST,3,S08001;%%},
    Title = {{LHC Machine}},
    Volume = {3},
    Year = {2008}
}

@article{LEPTDR:LEPInjectorStudyGroup,
      title          = "{LEP Design Report, Volume 1: The LEP Injector Chain}",
      collaboration  = "LEP Injector Study Group",
      year           = "1983",
      reportNumber   = "CERN-LEP-TH-83-29, CERN-PS-DL-83-31, CERN-SPS-83-26,
                        LAL-RT-83-09",
      SLACcitation   = "%%CITATION = CERN-LEP-TH-83-29;%%"
}

@article{ARTICLE:TheATLASExperiment,
  title={The ATLAS Experiment at the CERN Large Hadron Collider},
  author={The ATLAS Collaboration},
  collaboration  = "ATLAS",
  journal={Journal of Instrumentation},
  volume={3},
  number={08},
  pages={S08003},
  url={http://stacks.iop.org/1748-0221/3/i=08/a=S08003},
  year={2008}
}

@article{ARTICLE:TheALICEExperiment ,
  title={The ALICE experiment at the CERN LHC},
  author={The ALICE Collaboration},
  collaboration  = "ALICE",
  journal={Journal of Instrumentation},
  volume={3},
  number={08},
  pages={S08002},
  url={http://stacks.iop.org/1748-0221/3/i=08/a=S08002},
  year={2008},
}

@article{ARTICLE:TheLHCbExperiment,
  title={The LHCb Detector at the LHC},
  author={The LHCb Collaboration},
  collaboration  = "LHCb",
  journal={Journal of Instrumentation},
  volume={3},
  number={08},
  pages={S08005},
  url={http://stacks.iop.org/1748-0221/3/i=08/a=S08005},
  year={2008},
}

@article{ARTICLE:TheCMSExperiment,
  title={The CMS experiment at the CERN LHC},
  author={The CMS Collaboration},
  collaboration  = "CMS",
  journal={Journal of Instrumentation},
  volume={3},
  number={08},
  pages={S08004},
  url={http://stacks.iop.org/1748-0221/3/i=08/a=S08004},
  year={2008},
}

@article{CMSTDR:CMSPhysicsVol1,
        title = "{CMS physics: Technical Design Report - Volume I}",
        author = "{\text{CMS Collaboration}}",
        collaboration  = "CMS",
        note = "CERN-LHCC-2006-001",
        editor = "D. Acosta and others"
}

@article{CMSTDR:CMSL1Upgrade,
      author         = "Tapper, A. and Acosta, Darin",
      editor         = "Tapper, A.",
      title          = "CMS Technical Design Report for the Level-1 Trigger
                        Upgrade",
      collaboration  = "CMS",
      year           = "2013",
      reportNumber   = "CERN-LHCC-2013-011, CMS-TDR-12, CMS-TDR-012",
      SLACcitation   = "%%CITATION = CERN-LHCC-2013-011 ETC.;%%",
}

@book{BOOK:Griffiths,
    Author = {D Griffiths},
    Date-Added = {2009-09-28 12:48:45 +0100},
    Date-Modified = {2009-09-28 12:49:53 +0100},
    Edition = {2nd},
    Publisher = {Wiley},
    Title = {{Introduction to Elementary Particles}},
    Year = {2008}}
