@PREAMBLE{
 "\providecommand{\noopsort}[1]{}" 
 # "\providecommand{\singleletter}[1]{#1}%" 
}

@article{article:CERN-PH-EP-2012-218,
      author         = "Aad, Georges and others",
      title          = "{Observation of a new particle in the search for the
                        Standard Model Higgs boson with the ATLAS detector at the
                        LHC}",
      collaboration  = "ATLAS Collaboration",
      journal        = "Phys.Lett.",
      volume         = "B716",
      pages          = "1-29",
      doi            = "10.1016/j.physletb.2012.08.020",
      year           = "2012",
      eprint         = "1207.7214",
      archivePrefix  = "arXiv",
      primaryClass   = "hep-ex",
      reportNumber   = "CERN-PH-EP-2012-218",
      SLACcitation   = "%%CITATION = ARXIV:1207.7214;%%",
}

@article{article:CMS-HIG-12-028,
      author         = "Chatrchyan, Serguei and others",
      title          = "{Observation of a new boson at a mass of 125 GeV with the
                        CMS experiment at the LHC}",
      collaboration  = "CMS Collaboration",
      journal        = "Phys.Lett.",
      volume         = "B716",
      pages          = "30-61",
      doi            = "10.1016/j.physletb.2012.08.021",
      year           = "2012",
      eprint         = "1207.7235",
      archivePrefix  = "arXiv",
      primaryClass   = "hep-ex",
      reportNumber   = "CMS-HIG-12-028, CERN-PH-EP-2012-220",
      SLACcitation   = "%%CITATION = ARXIV:1207.7235;%%",
}

@Article{article:CMSTDRv12006,
      author         = "{\text{CMS Collaboration}}",
      title          = "{CMS physics: Technical design report}",
      collaboration  = "CMS Collaboration",
      year           = "2006",
      reportNumber   = "CERN-LHCC-2006-001, CMS-TDR-008-1",
      SLACcitation   = "%%CITATION = CERN-LHCC-2006-001 ETC.;%%",
}

@article{article:CERN-PH-EP-2012-218,
      author         = "Aad, Georges and others",
      title          = "{Observation of a new particle in the search for the
                        Standard Model Higgs boson with the ATLAS detector at the
                        LHC}",
      collaboration  = "ATLAS Collaboration",
      journal        = "Phys.Lett.",
      volume         = "B716",
      pages          = "1-29",
      doi            = "10.1016/j.physletb.2012.08.020",
      year           = "2012",
      eprint         = "1207.7214",
      archivePrefix  = "arXiv",
      primaryClass   = "hep-ex",
      reportNumber   = "CERN-PH-EP-2012-218",
      SLACcitation   = "%%CITATION = ARXIV:1207.7214;%%",
}

@article{article:CMS-HIG-12-028,
      author         = "Chatrchyan, Serguei and others",
      title          = "{Observation of a new boson at a mass of 125 GeV with the
                        CMS experiment at the LHC}",
      collaboration  = "CMS Collaboration",
      journal        = "Phys.Lett.",
      volume         = "B716",
      pages          = "30-61",
      doi            = "10.1016/j.physletb.2012.08.021",
      year           = "2012",
      eprint         = "1207.7235",
      archivePrefix  = "arXiv",
      primaryClass   = "hep-ex",
      reportNumber   = "CMS-HIG-12-028, CERN-PH-EP-2012-220",
      SLACcitation   = "%%CITATION = ARXIV:1207.7235;%%",
}

@article{article:CMS-HIG-11-032,
      author         = "{\text{CMS Collaboration}}",
      title          = "{Combined results of searches for the standard model
                        Higgs boson in pp collisions at sqrt(s) = 7 TeV}",
      collaboration  = "CMS Collaboration",
      year           = "2012",
      eprint         = "1202.1488",
      archivePrefix  = "arXiv",
      primaryClass   = "hep-ex",
      reportNumber   = "CMS-HIG-11-032, CERN-PH-EP-2012-023",
      SLACcitation   = "%%CITATION = ARXIV:1202.1488;%%",
}

@article{article:CMS-HIG-11-033,
      author         = "Chatrchyan, Serguei and others",
      title          = "{Search for the standard model Higgs boson decaying into
                        two photons in pp collisions at sqrt(s)=7 TeV}",
      collaboration  = "CMS Collaboration",
      journal        = "Phys.Lett.",
      volume         = "B710",
      pages          = "403-425",
      doi            = "10.1016/j.physletb.2012.03.003",
      year           = "2012",
      eprint         = "1202.1487",
      archivePrefix  = "arXiv",
      primaryClass   = "hep-ex",
      reportNumber   = "CMS-HIG-11-033, CERN-PH-EP-2012-024",
      SLACcitation   = "%%CITATION = ARXIV:1202.1487;%%",
}

@article{article:CERN-PH-EP-2012-019,
      author = "{\text{ATLAS Collaboration}}",
      title          = "{Combined search for the Standard Model Higgs boson using
                        up to 4.9 fb-1 of pp collision data at sqrt(s) = 7 TeV
                        with the ATLAS detector at the LHC}",
      collaboration  = "ATLAS Collaboration",
      year           = "2012",
      eprint         = "1202.1408",
      archivePrefix  = "arXiv",
      primaryClass   = "hep-ex",
      reportNumber   = "CERN-PH-EP-2012-019",
      SLACcitation   = "%%CITATION = ARXIV:1202.1408;%%",
}

@article{article:Duhrssen:2004cv,
      author         = "Duhrssen, M. and Heinemeyer, S. and Logan, H. and
                        Rainwater, D. and Weiglein, G. and others",
      title          = "{Extracting Higgs boson couplings from CERN LHC data}",
      journal        = "Phys.Rev.",
      volume         = "D70",
      pages          = "113009",
      doi            = "10.1103/PhysRevD.70.113009",
      year           = "2004",
      eprint         = "hep-ph/0406323",
      archivePrefix  = "arXiv",
      primaryClass   = "hep-ph",
      reportNumber   = "CERN-PH-TH-2004-103, DCPT-04-56, DESY-04-089, IPPP-04-28,
                        KA-TP-04-2004, MADPH-04-1384",
      SLACcitation   = "%%CITATION = HEP-PH/0406323;%%",
}

@article{article:Zeppenfeld:2000td,
      author         = "Zeppenfeld, D. and Kinnunen, R. and Nikitenko, A. and
                        Richter-Was, E.",
      title          = "{Measuring Higgs boson couplings at the CERN LHC}",
      journal        = "Phys.Rev.",
      volume         = "D62",
      pages          = "013009",
      doi            = "10.1103/PhysRevD.62.013009",
      year           = "2000",
      eprint         = "hep-ph/0002036",
      archivePrefix  = "arXiv",
      primaryClass   = "hep-ph",
      reportNumber   = "MADPH-00-1157, CERN-TH-2000-039",
      SLACcitation   = "%%CITATION = HEP-PH/0002036;%%",
}

@article{article:Dokshitzer:1991he,
      author         = "Dokshitzer, Yuri L. and Khoze, Valery A. and Sjostrand,
                        T.",
      title          = "{Rapidity gaps in Higgs production}",
      journal        = "Phys.Lett.",
      volume         = "B274",
      pages          = "116-121",
      doi            = "10.1016/0370-2693(92)90312-R",
      year           = "1992",
      reportNumber   = "DTP-91-66, CERN-TH-6269-91, LU-TP-91-24",
      SLACcitation   = "%%CITATION = PHLTA,B274,116;%%",
}

@phdthesis{Takahashi:1019873,
      author       = "Takahashi, Maiko and Foudas, C",
      title        = "Optimization of CMS Detector Performance and Detection of
                      the Standard Model Higgs Boson via the $qqH, H \to \tau\tau$
                      Channel with a Lepton + a Jet in the Final State.
                      oai:cds.cern.ch:1019873",
      school       = "Univ. London",
      address      = "London",
      year         = "2007",
      note         = "Presented on 24 Apr 2006",
}

@article{Bruning:2004ej,
      author         = "Bruning, Oliver S., (Ed.) and Collier, P., (Ed.) and
                        Lebrun, P., (Ed.) and Myers, S., (Ed.) and Ostojic, R.,
                        (Ed.) and others",
      title          = "{LHC Design Report. 1. The LHC Main Ring}",
      year           = "2004",
      reportNumber   = "CERN-2004-003-V-1, CERN-2004-003",
      SLACcitation   = "%%CITATION = CERN-2004-003-V-1 ETC.;%%",
}
